
%==============================================================================
% Journal papers/articles
%==============================================================================


@ARTICLE{Unser:2000, 
author={Unser, M.}, 
journal={Proceedings of the IEEE}, 
title={Sampling-50 years after Shannon}, 
year={2000}, 
volume={88}, 
number={4}, 
pages={569-587}, 
keywords={Hilbert spaces;information theory;interpolation;least squares approximations;radial basis function networks;signal sampling;splines (mathematics);wavelet transforms;Hilbert-space formulation;Papoulis generalized sampling;Shannon's formulation;anti-aliasing prefilters;approximation error;band-limited functions;finite elements;frames;interpolation models;irregular sampling;multiwavelets;nonbandlimited input;orthogonal projection;radial basis functions;regular sampling;sampling paradigm;sampling rate;sampling theorem;shift-in-variant function spaces;splines;wavelet theory;Approximation error;Finite element methods;Frequency;Hilbert space;Image reconstruction;Information theory;Interpolation;Least squares approximation;Sampling methods;Signal sampling}, 
doi={10.1109/5.843002}, 
ISSN={0018-9219},}

@ARTICLE{Entezari:2008,
AUTHOR={Entezari, A. and Van De Ville, D. and M{\"{o}}ller, T.},
TITLE={Practical Box Splines for Reconstruction on the Body Centered
        Cubic Lattice},
JOURNAL={{IEEE} Transactions on Visualization and Computer Graphics},
YEAR={2008},
volume={14},
number={2 },
pages={313--328},
month={{March/April},
note={},
}

%==============================================================================
% Conference papers
%==============================================================================

@inproceedings{Fedkiw:2001,
 author = {Fedkiw, Ronald and Stam, Jos and Jensen, Henrik Wann},
 title = {Visual simulation of smoke},
 booktitle = {Proceedings of the 28th annual conference on Computer graphics and interactive techniques},
 series = {SIGGRAPH '01},
 year = {2001},
 isbn = {1-58113-374-X},
 pages = {15--22},
 numpages = {8},
 url = {http://doi.acm.org/10.1145/383259.383260},
 doi = {10.1145/383259.383260},
 acmid = {383260},
 publisher = {ACM},
 address = {New York, NY, USA},
 keywords = {Euler equations, Navier-Stokes equations, computational fluid dynamics, participating media, semi-Lagrangian methods, smoke, stable fluids, vorticity confinement},
} 

@inproceedings{TheuBl:2001,
 author = {Theu\ss l, Thomas and M\"{o}ller, Torsten and Gr\"{o}ller, Meister Eduard},
 title = {Optimal regular volume sampling},
 booktitle = {Proceedings of the conference on Visualization '01},
 series = {VIS '01},
 year = {2001},
 isbn = {0-7803-7200-X},
 location = {San Diego, California},
 pages = {91--98},
 numpages = {8},
 url = {http://dl.acm.org/citation.cfm?id=601671.601684},
 acmid = {601684},
 publisher = {IEEE Computer Society},
 address = {Washington, DC, USA},
 keywords = {Cartesian grid, body centered cubic, close packing, hexagonal sampling, volume data},
} 


%==============================================================================
% Theses
%==============================================================================

@MastersThesis{alim:ms,
        Address = {Rochester NY, USA},
        Author = {Usman Raza Alim},
        Month = {May},
        School = {Rochester Institute of Technology},
        Title = {The Lattice-Boltzmann model for the visual simulation of smoke},
        Year = {2007}
}

@phdthesis {alim:phd,
author={Alim, U.},
title={Data Processing on the Body-Centered Cubic Lattice},
year={2012},
month= {July},
school={Simon Fraser University},
address = {Burnaby BC, Canada}
}
%==============================================================================
% Books
%==============================================================================
@book{demmel,
  title={Applied Numerical Linear Algebra},
  author={Demmel, J.W.},
  isbn={9780898713893},
  lccn={97017290},
  url={http://books.google.ie/books?id=lr8cFi-YWnIC},
  year={1997},
  publisher={Society for Industrial and Applied Mathematics}
}
